
  <record>
    <leader>01952cim  2200457Ia 45í0</leader>
    <controlfield tag="001">a020suba10endsX</controlfield>
    <controlfield tag="008">780930m19391944nyu           000 0 eng d</controlfield>
    <datafield tag="020" ind1=" " ind2=" ">
      <subfield code="a">123456789X</subfield>
    </datafield>
    <datafield tag="245" ind1="1" ind2="0">
      <subfield code="a">isbn, 10 digit ends in X, in 020 sub a</subfield>
    </datafield>
  </record>