
  <!-- sub a 10 digit, trailing text -->
  <record>
    <leader>01952cim  2200457Ia 45í0</leader>
    <controlfield tag="001">a020suba10trailingText</controlfield>
    <controlfield tag="008">780930m19391944nyu           000 0 eng d</controlfield>
    <datafield tag="020" ind1=" " ind2=" ">
      <subfield code="a">1234567890.</subfield>
    </datafield>
    <datafield tag="020" ind1=" " ind2=" ">
      <subfield code="a">0123456789</subfield>
    </datafield>
    <datafield tag="020" ind1=" " ind2=" ">
      <subfield code="a">0521672694 (pbk.)</subfield>
    </datafield>
    <datafield tag="020" ind1=" " ind2=" ">
      <subfield code="a">052185668X (hardback)</subfield>
    </datafield>
    <datafield tag="245" ind1="1" ind2="0">
      <subfield code="a">mult isbns, 10 digit with trailing text, in 020 sub a</subfield>
    </datafield>
  </record>