
  <!-- sub a 13 digit -->
  <record>
    <leader>00956cam  22002298i 4500</leader>
    <controlfield tag="001">a020suba13</controlfield>
    <datafield tag="020" ind1=" " ind2=" ">
      <subfield code="a">9780809424887</subfield>
    </datafield>
    <datafield tag="245" ind1="1" ind2="0">
      <subfield code="a">isbn, plain 13 digit, in 020 sub a</subfield>
    </datafield>
  </record>