
  <!-- sub a 13 digit bad prefix -->
  <record>
    <leader>00956cam  22002298i 4500</leader>
    <controlfield tag="001">a020suba13bad</controlfield>
    <datafield tag="020" ind1=" " ind2=" ">
      <subfield code="a">000123456789X</subfield>
    </datafield>
    <datafield tag="245" ind1="1" ind2="0">
      <subfield code="a">isbn, 13 digit bad prefix, in 020 sub a</subfield>
    </datafield>
  </record>