
  <record>
    <leader>01952cim  2200457Ia 45í0</leader>
    <controlfield tag="001">a020subz13endsX</controlfield>
    <controlfield tag="008">780930m19391944nyu           000 0 eng d</controlfield>
    <datafield tag="020" ind1=" " ind2=" ">
      <subfield code="z">979123456789X</subfield>
    </datafield>
    <datafield tag="245" ind1="1" ind2="0">
      <subfield code="a">isbn, 13 digit ends in X, in 020 sub z</subfield>
    </datafield>
  </record>