
  <record>
    <leader>01952cim  2200457Ia 45í0</leader>
    <controlfield tag="001">a020subz13trailingText</controlfield>
    <controlfield tag="008">780930m19391944nyu           000 0 eng d</controlfield>
    <datafield tag="020" ind1=" " ind2=" ">
      <subfield code="z">978185585039X (pbk.)</subfield>
    </datafield>
    <datafield tag="020" ind1=" " ind2=" ">
      <subfield code="z">9780809424887</subfield>
    </datafield>
    <datafield tag="020" ind1=" " ind2=" ">
      <subfield code="z">9780809424870 (lib. bdg.)</subfield>
    </datafield>
    <datafield tag="245" ind1="1" ind2="0">
      <subfield code="a">mult isbns, 13 digit with trailing text, in 020 sub z</subfield>
    </datafield>
  </record>