
  <!-- mult subfield z in single 020 -->
  <record>
    <leader>01952cim  2200457Ia 45í0</leader>
    <controlfield tag="001">a020multSubz</controlfield>
    <controlfield tag="008">780930m19391944nyu           000 0 eng d</controlfield>
    <datafield tag="020" ind1=" " ind2=" ">
      <subfield code="z">9802311987 (set)</subfield>
      <subfield code="z">9802311995 (t. 1)</subfield>
      <subfield code="z">9802312002 (t. 2)</subfield>
      <subfield code="z">9780809424887</subfield>
      <subfield code="z">123456789X</subfield>
      <subfield code="z">9780809424870 (lib. bdg.)</subfield>
      <subfield code="z">979123456789X</subfield>
      <subfield code="z">9876543210</subfield>
    </datafield>
    <datafield tag="245" ind1="1" ind2="0">
      <subfield code="a">mult isbns in 020 repeated sub z</subfield>
    </datafield>
  </record>