
  <!-- subfield c only -->
  <record>
    <leader>01952cim  2200457Ia 45í0</leader>
    <controlfield tag="001">a020noSubaOrz</controlfield>
    <controlfield tag="008">780930m19391944nyu           000 0 eng d</controlfield>
    <datafield tag="020" ind1=" " ind2=" ">
      <subfield code="c">junk</subfield>
    </datafield>
    <datafield tag="245" ind1="1" ind2="0">
      <subfield code="a">no isbn - 020 but no a or z</subfield>
    </datafield>
  </record>