
  <!-- subfields a and z -->
  <record>
    <leader>01952cim  2200457Ia 45í0</leader>
    <controlfield tag="001">a020SubaAndz</controlfield>
    <controlfield tag="008">780930m19391944nyu           000 0 eng d</controlfield>
    <datafield tag="020" ind1=" " ind2=" ">
      <subfield code="a">0123456789</subfield>
    </datafield>
    <datafield tag="020" ind1=" " ind2=" ">
      <subfield code="a">0521672694 (pbk.)</subfield>
      <subfield code="z">9802311987 (set)</subfield>
    </datafield>
    <datafield tag="020" ind1=" " ind2=" ">
      <subfield code="a">052185668X (hardback)</subfield>
      <subfield code="c">junk</subfield>
      <subfield code="z">123456789X</subfield>
      <subfield code="z">9780809424887</subfield>
    </datafield>
    <datafield tag="245" ind1="1" ind2="0">
      <subfield code="a">020 a and z</subfield>
    </datafield>
  </record>
</collection>